% This file was created with JabRef 2.6.
% Encoding: UTF8

@TECHREPORT{Andelfinger2005,
  author = {Urs Andelfinger AND Frank Bühler AND Michael Guist, Stephan Karczewski
	AND Gerhard Raffius AND Inge Schestag AND Wolfgang Weber AND Gerhard
	Winkler},
  title = {Softwaretechnik - Vorlesungsskript},
  institution = {Hochschule Darmstadt},
  year = {2005},
  owner = {},
  timestamp = {2014.02.27}
}

@BOOK{Artin1998,
  title = {Algebra},
  publisher = {Birkhäuser},
  year = {1998},
  author = {Artin, Michael},
  series = {Grundstudium Mathematik ;},
  address = {Basel ; Boston ; Berlin},
  edition = {Inhaltlich unveränd. Nachdr. der geb. dt. Erstausg. von 1993},
  note = {Verfasserangabe: Michael Artin. Aus dem Engl. übers. von Annette
	A'Campo ; 1998 ; Quelldatenbank: HBZOEB ; Format:marcform: print
	; Umfang: XIII, 705 S. ; graph. Darst. ; 24 cm},
  howpublished = {Buch},
  isbn = {3-7643-5938-2},
  keywords = {Algebra ; Lehrbuch, Lineare Algebra ; Lehrbuch},
  location = {DE-52},
  type = {text},
  url = {http://digitool.hbz-nrw.de:1801/webclient/DeliveryManager?pid=1811130\&custom\_att\_2=simple\_viewer}
}

@BOOK{Balzert1996,
  title = {Lehrbuch der Software-Technik},
  publisher = {Spektrum, Akad. Verl.},
  year = {1996},
  author = {Balzert, Helmut},
  series = {Lehrbücher der Informatik},
  address = {Heidelberg u.a.},
  note = {Verfasserangabe: Helmut Balzert ; Erschienen: Bd. 1 - 2 ; Quelldatenbank:
	HBZ},
  howpublished = {Buch},
  isbn = {3-8274-0301-4},
  keywords = {Software Engineering / Lehrbuch},
  location = {1010 Gelsenkirchen :; 1042 Hoppstädten-Weiersbach :; 1044 Sankt Augustin
	:; 1105 Remagen :; 136 Duisburg :; 290 Dortmund :; 294 Bochum :;
	294/16 Bochum :; 294/18 Bochum :; 294/50 Bochum :; 294/9 Bochum :;
	361 Bielefeld :; 38 Köln :; 385 Trier : 72 NA/f10181 g43257 f10181;
	386/12 Kaiserslautern : GEB12 EIT 830/077 (keine Angabe ggf. s. Bände);
	386/32 Kaiserslautern : GEB32 L INF 40 (keine Angabe ggf. s. Bände);
	386/36 Kaiserslautern : GEB36 INF 410/363 (keine Angabe ggf. s. Bände);
	464 Duisburg : TWQ4378\_d Grundsignatur; 465 Essen : TWQ5382 Grundsignatur;
	466 Paderborn : 41 TWQ7318-... (Normalausleihe); 467 Siegen :; 468
	Wuppertal :; 5/30 Bonn :; 51 Detmold :; 5 N Bonn :; 6 Münster :;
	6/007 Münster :; 6/274 Münster :; 6/282 Münster :; 61 Düsseldorf
	: 00 dat/3253 61 Düsseldorf : 03 datg605.b197; 61/08 Düsseldorf :
	08 datg86; 61/48 Düsseldorf : 48 datg590.b197; 708 Hagen :; 743 Lemgo
	:; 82 Aachen :; 82/710 Aachen :; 82/719 Aachen :; 829 Mönchengladbach
	:; 832 Köln :; 836 Münster :; 929 Koblenz :; 987 Koblenz :; A 96
	Aachen :; Bi 10 Bielefeld :; Bm 40 Bochum :; Dm 13 Dortmund :; Dü
	62 Düsseldorf :; Hag 4/2 Hagen : IS M/P-Tg 165... (Keine Ausleihe);
	Hag 4/3 Hagen : ME 77TWQ7596... (Keine Ausleihe); Hag 4/4 Hagen :
	SO 81TWQ7376... (Keine Ausleihe); Hag 4 Hagen : HA W/IV-Tg 120...
	(Keine Ausleihe); Kob 7 Koblenz : FRHKO IN/E 1998 5666 (91); Lan
	1 Landau/Pfalz : inf 418-37/ (Dienstgebrauch); Tr 5 Trier :},
  type = {text},
  url = {http://digitool.hbz-nrw.de:1801/webclient/DeliveryManager?pid=3709381\&custom\_att\_2=simple\_viewer}
}

@TECHREPORT{Bouw2010,
  author = {Prof. Dr. Irene I. Bouw},
  title = {Elementare Zahlentheorie, Vorlesungsskript},
  institution = {Universität Ulm},
  year = {2010},
  url = {http://hbbk-ilias.de/ilias.php?ref_id=66988&cmd=sendfile&cmdClass=ilrepositorygui&cmdNode=bu&baseClass=ilrepositorygui}
}

@TECHREPORT{Kluth2011,
  author = {Thomas Kluth},
  title = {LK Informatik Version 0.2.9.4},
  institution = {Hans-Böckler Berufskolleg},
  year = {2011}
}

@BOOK{Kohm2006,
  title = {KOMA-Script. eine Sammlung von Klassen und Paketen für LaTeX2E ;
	Anleitung zu Version 2.9u},
  publisher = {Lehmann},
  year = {2006},
  author = {Kohm, Markus and Morawski, Jens-Uwe Author},
  address = {Berlin},
  edition = {2., überarb. und erw. Aufl., korr. Nachdr.},
  note = {Verfasserangabe: Markus Kohm; Jens-Uwe Morawski. Dante ; Klassifikation:
	ST 351 T28 ; Klassifikation: 54.81 (Anwendungssoftware) ; Klassifikation:
	54.82 (Textverarbeitung) ; Sprache: Deutsch ; DDC-Sachgruppe: 004
	; Titelvariante: LaTeX 2E 2Epsilon Epsilon ; Literaturverz. S. 331
	- 335 ; Quelldatenbank: GBV ; Format:marcform: print ; Umfang: 351
	S. : graph. Darst., 210 mm x 150 mm ; 3865410898 (Pb.) EUR 14.95},
  howpublished = {Buch},
  isbn = {3865410898},
  keywords = {KOMA-Script, KOMA-Script},
  location = {; DE-46 SUB Bremen Signatur: a inf 654 tex/815; DE-705 HSU Hamburg
	Standort: 507, Signatur: INF 380 LAT:YC0034(002)+03; DE-3 ULB Halle
	Standort: Ha 4, Signatur: L 2006/208; DE-700 UB Osnabrück Standort:
	B-Freihand-Magazin, Signatur: 5040-155 2; DE-Gat1 IPK Gatersleben
	Standort: BIOI, Signatur: 2W-754},
  type = {text},
  url = {http://deposit.ddb.de/cgi-bin/dokserv?id=2620170\&prov=M\&dok\_var=1\&dok\_ext=htm; http://www.gbv.de/dms/hebis-darmstadt/toc/18508821X.pdf}
}

@TECHREPORT{Maier2009/10,
  author = {Prof. Dr. Helmut Maier AND Dipl.-Math. Hans- Peter Reck},
  title = {Angewandte Diskrete Mathematik, Vorlesungsskript},
  institution = {Institut für Zahlentheorie und Wahrscheinlichkeitstheorie Universität
	Ulm},
  year = {2009/10},
  opturl = {http://hbbk-ilias.de/ilias.php?ref_id=66988&cmd=sendfile&cmdClass=ilrepositorygui&cmdNode=bu&baseClass=ilrepositorygui}
}

